@inproceedings{defferrard2016convolutional,
    title={Convolutional neural networks on graphs with fast localized spectral filtering},
    author={Defferrard, Micha{\"e}l and Bresson, Xavier and Vandergheynst, Pierre},
    booktitle={Advances in neural information processing systems},
    pages={3844--3852},
    year={2016}
}
